@misc{sink10,
	author = "Eric Sink",
	title = "Obstacles to an enterprise DVCS",
	year = "2010",
	howpublished = "http://www.ericsink.com/articles/vcs\_trends.html"
}

@misc{gnome-git,
	title = "GNOME GIT source code repository",
	howpublished = "http://git.kernel.org/"
}

@misc{kernel-git,
	title = "kernel.org Git repository",
	howpublished = "http://git.kernel.org/"
}

@misc{firefox-hg,
	title = "Mozilla Wiki: Mercurial",
	howpublished = "https://developer.mozilla.org/en/Mercurial"
}

@misc{eclipse10,
	title = "2010 Eclipse Community Survey",
}
